@inproceedings{Demmel:2013:FRF,
  title={Fast reproducible floating-point summation},
  author={Demmel, James and Nguyen, Hong Diep},
  booktitle={Computer Arithmetic (ARITH), 2013 21st IEEE Symposium on},
  pages={163--172},
  year={2013},
  organization={IEEE}
}
